@article{bu2010haloop,
  title={HaLoop: Efficient iterative data processing on large clusters},
  author={Bu, Yingyi and Howe, Bill and Balazinska, Magdalena and Ernst, Michael D},
  journal={Proceedings of the VLDB Endowment},
  volume={3},
  number={1-2},
  pages={285--296},
  year={2010},
  publisher={VLDB Endowment}
}

@inproceedings{kwon2010skew,
  title={Skew-resistant parallel processing of feature-extracting scientific user-defined functions},
  author={Kwon, YongChul and Balazinska, Magdalena and Howe, Bill and Rolia, Jerome},
  booktitle={Proceedings of the 1st ACM symposium on Cloud computing},
  pages={75--86},
  year={2010},
  organization={ACM}
}

@article{howe2005algebraic,
  title={Algebraic manipulation of scientific datasets},
  author={Howe, Bill and Maier, David},
  journal={The VLDB journal},
  volume={14},
  number={4},
  pages={397--416},
  year={2005},
  publisher={Springer-Verlag}
}

@article{howe2003language,
  title={A language for spatial data manipulation},
  author={Howe, Bill and Maier, David and Baptista, Antonio},
  journal={Journal of Environmental Informatics},
  volume={2},
  number={2},
  pages={23--37},
  year={2003}
}

@incollection{kwon2010scalable,
  title={Scalable clustering algorithm for N-body simulations in a shared-nothing cluster},
  author={Kwon, YongChul and Nunley, Dylan and Gardner, Jeffrey P and Balazinska, Magdalena and Howe, Bill and Loebman, Sarah},
  booktitle={Scientific and Statistical Database Management},
  pages={132--150},
  year={2010},
  publisher={Springer Berlin Heidelberg}
}

@inproceedings{howe2007smoothing,
  title={Smoothing the ROI Curve for Scientific Data Management Applications.},
  author={Howe, Bill and Maier, David and Bright, Laura},
  booktitle={CIDR},
  pages={185--195},
  year={2007}
}

@inproceedings{howe2008quarrying,
  title={Quarrying dataspaces: Schemaless profiling of unfamiliar information sources},
  author={Howe, Bill and Maier, David and Rayner, Nicolas and Rucker, James},
  booktitle={Data Engineering Workshop, 2008. ICDEW 2008. IEEE 24th International Conference on},
  pages={270--277},
  year={2008},
  organization={IEEE}
}

@inproceedings{howe2008end,
  title={End-to-end escience: Integrating workflow, query, visualization, and provenance at an ocean observatory},
  author={Howe, Bill and Lawson, Peter and Bellinger, Renee and Anderson, Erik and Santos, Emanuele and Freire, Juliana and Scheidegger, Carlos and Baptista, Ant{\'o}nio and Silva, Cl{\'a}udio},
  booktitle={eScience, 2008. eScience'08. IEEE Fourth International Conference on},
  pages={127--134},
  year={2008},
  organization={IEEE}
}

@inproceedings{loebman2009analyzing,
  title={Analyzing massive astrophysical datasets: Can Pig/Hadoop or a relational DBMS help?},
  author={Loebman, Sarah and Nunley, Dylan and Kwon, Yong-Chul and Howe, Bill and Balazinska, Magdalena and Gardner, Jeffrey P},
  booktitle={Cluster Computing and Workshops, 2009. CLUSTER'09. IEEE International Conference on},
  pages={1--10},
  year={2009},
  organization={IEEE}
}

@inproceedings{suciu2009embracing,
  title={Embracing Uncertainty in Large-Scale Computational Astrophysics.},
  author={Suciu, Dan and Connolly, Andrew J and Howe, Bill},
  booktitle={MUD},
  pages={63--77},
  year={2009}
}

@article{howe2006gridfields,
  title={Gridfields: model-driven data transformation in the physical sciences},
  author={Howe, Bill},
  year={2006}
}

@incollection{howe2004emergent,
  title={Emergent semantics: Towards self-organizing scientific metadata},
  author={Howe, Bill and Tanna, Kuldeep and Turner, Paul and Maier, David},
  booktitle={Semantics of a Networked World. Semantics for Grid Databases},
  pages={177--198},
  year={2004},
  publisher={Springer Berlin Heidelberg}
}

@article{baptista2008scientific,
  title={Scientific exploration in the era of ocean observatories},
  author={Baptista, Ant{\'o}nio and Howe, Bill and Freire, Juliana and Maier, David and Silva, Cl{\'a}udio T},
  journal={Computing in Science and Engineering},
  volume={10},
  number={3},
  pages={53--58},
  year={2008}
}

@article{howe2010sql,
  title={SQL is dead; long live SQL: Lightweight query services for ad hoc research data},
  author={Howe, Bill and Cole, Garret},
  journal={4th Microsoft eScience Workshop},
  year={2010}
}

@inproceedings{bright2006managing,
  title={Managing the Forecast Factory},
  author={Bright, Laura and Maier, David and Howe, Bill},
  booktitle={Data Engineering Workshops, 2006. Proceedings. 22nd International Conference on},
  pages={64--64},
  year={2006},
  organization={IEEE}
}

@incollection{howe2009scientific,
  title={Scientific mashups: runtime-configurable data product ensembles},
  author={Howe, Bill and Green-Fishback, Harrison and Maier, David},
  booktitle={Scientific and Statistical Database Management},
  pages={19--36},
  year={2009},
  publisher={Springer Berlin Heidelberg}
}

@article{barga2011bioinformatics,
  title={Bioinformatics and data-intensive scientific discovery in the beginning of the 21st century},
  author={Barga, Roger and Howe, Bill and Beck, David and Bowers, Stuart and Dobyns, William and Haynes, Winston and Higdon, Roger and Howard, Chris and Roth, Christian and Stewart, Elizabeth and others},
  journal={Omics: a journal of integrative biology},
  volume={15},
  number={4},
  pages={199--201},
  year={2011},
  publisher={Mary Ann Liebert, Inc. 140 Huguenot Street, 3rd Floor New Rochelle, NY 10801 USA}
}

@inproceedings{howe2005retrofitting,
  title={Retrofitting a Data Model to Existing Environmental Data.},
  author={Howe, Bill and Maier, David},
  booktitle={SSDBM},
  pages={3--13},
  year={2005}
}

@article{manobavan2003sensitivity,
  title={The sensitivity and response of terrestrial South American vegetation to interannual climatic variability induced by the ENSO},
  author={Manobavan, M and Lucas, NS and Boyd, DS and Petford, N and Wang, LZ and Fang, L and Hipel, KW and Howe, B and Maier, D and Baptista, A and others},
  journal={Journal of Environmental Informatics},
  volume={2},
  number={2},
  pages={1--10},
  year={2003}
}

@article{howe2002modeling,
  title={Modeling data product generation},
  author={Howe, Bill and Maier, Dave},
  journal={Workshop on Data Derivation and Provenance, Chicago},
  year={2002}
}

@article{wiley2011astronomy,
  title={Astronomy in the cloud: using mapreduce for image co-addition},
  author={Wiley, Keith and Connolly, Andrew and Gardner, Jeff and Krughoff, S and Balazinska, Magdalena and Howe, Bill and Kwon, Y and Bu, Yingyi},
  journal={Astronomy},
  volume={123},
  number={901},
  pages={366--380},
  year={2011}
}

@article{wiley2011astronomical,
  title={Astronomical image processing with hadoop},
  author={Wiley, Keith and Connolly, Andrew and Krughoff, Simon and Gardner, Jeff and Balazinska, Magdalena and Howe, Bill and Kwon, Y and Bu, Yingyi},
  journal={Astronomical data analysis and software systems XX, ASP Conf. Ser., Boston, MA, 7--11 November 2010},
  volume={442},
  pages={93},
  year={2011}
}

@article{howe2language,
  title={A Language for Environmental Data Manipulation},
  author={Howe, B and Maier, D and Baptista, A},
  journal={Journal of Environmental Informatics, To appear},
  volume={2},
  number={2}
}

@incollection{grochow2010client+,
  title={Client+ cloud: evaluating seamless architectures for visual data analytics in the ocean sciences},
  author={Grochow, Keith and Howe, Bill and Stoermer, Mark and Barga, Roger and Lazowska, Ed},
  booktitle={Scientific and Statistical Database Management},
  pages={114--131},
  year={2010},
  publisher={Springer Berlin Heidelberg}
}

@article{kwon2011study,
  title={A study of skew in mapreduce applications},
  author={Kwon, YongChul and Balazinska, Magdalena and Howe, Bill and Rolia, Jerome},
  journal={Open Cirrus Summit},
  year={2011}
}

@article{howe2008scidb,
  title={SciDB Examples from Environmental Observation and Modeling},
  author={Howe, Bill},
  journal={Center for Coastal Margin Observation and Prediction},
  year={2008}
}

@article{howe2009query,
  title={Query-driven visualization in the cloud with mapreduce},
  author={Howe, Bill and Vo, Huy and Silva, Claudio and Freire, J},
  journal={Proceedings of the Fourth Annual Workshop on Ultrascale Visualization},
  year={2009}
}

@article{baptistas,
  title={S cientific e xploration},
  author={Baptista, Ant{\'o}nio and Howe, Bill and Freire, Juliana and Maier, David and Silva, Cl{\'a}udio T}
}

@inproceedings{howe2007ocean,
  title={The Ocean Appliance: Complete Platform Provisioning for Low-Cost Data Sharing},
  author={Howe, Bill and Baptista, A and Hagerty, N and Seaton, C and Van Matre, E and Turner, P and Maier, D},
  booktitle={OCEANS 2007},
  pages={1--10},
  year={2007},
  organization={IEEE}
}

@article{balazinska2011data,
  title={Data markets in the cloud: An opportunity for the database community},
  author={Balazinska, Magdalena and Howe, Bill and Suciu, Dan},
  journal={Proc. of the VLDB Endowment},
  volume={4},
  pages={12},
  year={2011}
}

@inproceedings{weaver2002representing,
  title={Representing, exploiting, and extracting metadata using metadata++},
  author={Weaver, Mathew and Howe, Bill and Delcambre, Lois and Tolle, Tim and Maier, Dave},
  booktitle={Proceedings of the 2002 annual national conference on Digital government research},
  pages={1--7},
  year={2002},
  organization={Digital Government Society of North America}
}

@incollection{alsayyad2011towards,
  title={Towards efficient and precise queries over ten million asteroid trajectory models},
  author={AlSayyad, Yusra and Krughoff, K Simon and Howe, Bill and Connolly, Andrew J and Balazinska, Magdalena and Jones, Lynne},
  booktitle={Scientific and Statistical Database Management},
  pages={568--570},
  year={2011},
  publisher={Springer Berlin Heidelberg}
}

@inproceedings{howe2011automatic,
  title={Automatic example queries for ad hoc databases},
  author={Howe, Bill and Cole, Garret and Khoussainova, Nodira and Battle, Leilani},
  booktitle={Proceedings of the 2011 ACM SIGMOD International Conference on Management of data},
  pages={1319--1322},
  year={2011},
  organization={ACM}
}

@article{howe2005gridfields,
  title={GridFields: Model-Driven Query Services for Simulation Results in the Physical Sciences},
  author={Howe, Bill},
  year={2005},
  publisher={Citeseer}
}

@inproceedings{grochow2010cove,
  title={COVE: A Visual Environment for Multidisciplinary Ocean Science Collaboration},
  author={Grochow, Keith and Stoermer, Mark and Fogarty, James and Lee, Charlotte and Howe, Bill and Lazowska, Ed},
  booktitle={e-Science (e-Science), 2010 IEEE Sixth International Conference on},
  pages={269--276},
  year={2010},
  organization={IEEE}
}

@inproceedings{key2012vizdeck,
  title={VizDeck: self-organizing dashboards for visual analytics},
  author={Key, Alicia and Howe, Bill and Perry, Daniel and Aragon, Cecilia},
  booktitle={Proceedings of the 2012 ACM SIGMOD International Conference on Management of Data},
  pages={681--684},
  year={2012},
  organization={ACM}
}

@article{howe2004logical,
  title={Logical and Physical Data Independence for Native Scientific Data Repositories.},
  author={Howe, Bill and Maier, David},
  journal={IEEE Data Eng. Bull.},
  volume={27},
  number={4},
  pages={29--36},
  year={2004}
}

@article{howeemergent,
  title={Emergent Semantics: Metadata Organization in a Scientific Data Repository using RDF and RDBMS},
  author={Howe, Bill and Tanna, Kuldeep and Turner, Paul and Maier, David}
}

@inproceedings{howe2005querying,
  title={Querying and Visualizing Gridded Datasets for e-Science},
  author={Howe, Bill and Maier, David},
  booktitle={2013 IEEE 29th International Conference on Data Engineering (ICDE)},
  pages={1106--1107},
  year={2005},
  organization={IEEE Computer Society}
}

@inproceedings{alsayyad2011efficient,
  title={Efficient Prediction of Asteroid Positions from Solar System Models},
  author={AlSayyad, Yusra and Krughoff, S and Connolly, AJ and Jones, L and Budavari, T and Howe, B},
  booktitle={Bulletin of the American Astronomical Society},
  volume={43},
  pages={15605},
  year={2011}
}

@inproceedings{green2008scientific,
  title={Scientific Mashups: Runtime-Configurable Data Product Ensembles},
  author={Green-Fishback, Harrison and Howe, Bill},
  booktitle={eScience, 2008. eScience'08. IEEE Fourth International Conference on},
  pages={442--443},
  year={2008},
  organization={IEEE}
}

@article{keyvizdeck,
  title={VizDeck: Self-Organizing Data Dashboards for eScience},
  author={Key, Alicia and Howe, Bill}
}

@incollection{howe2011database,
  title={Database-as-a-service for long-tail science},
  author={Howe, Bill and Cole, Garret and Souroush, Emad and Koutris, Paraschos and Key, Alicia and Khoussainova, Nodira and Battle, Leilani},
  booktitle={Scientific and Statistical Database Management},
  pages={480--489},
  year={2011},
  publisher={Springer Berlin Heidelberg}
}

@article{howe2011smart,
  title={Smart Services for Ad Hoc Databases},
  author={Howe, Bill},
  year={2011}
}

@inproceedings{koch2003forest,
  title={The forest portal: a multidisciplinary project},
  author={Koch, Marianne and Delcambre, Lois and Toccalino, Patricia and Landis, Eric and Phillips, Fred and Tolle, Tim and Shapiro, Len and Steckler, Nicole and Maier, David and Weaver, Mathew and others},
  booktitle={Proceedings of the 2003 annual national conference on Digital government research},
  pages={1--4},
  year={2003},
  organization={Digital Government Society of North America}
}

@inproceedings{vo2011parallel,
  title={Parallel visualization on large clusters using MapReduce},
  author={Vo, Huy T and Bronson, Jonathan and Summa, Brian and Comba, Jo{\~a}o Luiz Dihl and Freire, Juliana and Howe, Bill and Pascucci, Valerio and Silva, Cl{\'a}udio T},
  booktitle={Large Data Analysis and Visualization (LDAV), 2011 IEEE Symposium on},
  pages={81--88},
  year={2011},
  organization={IEEE}
}

@article{bu2012haloop,
  title={The HaLoop approach to large-scale iterative data analysis},
  author={Bu, Yingyi and Howe, Bill and Balazinska, Magdalena and Ernst, Michael D},
  journal={The VLDB Journal—The International Journal on Very Large Data Bases},
  volume={21},
  number={2},
  pages={169--190},
  year={2012},
  publisher={Springer-Verlag New York, Inc.}
}

@inproceedings{kwon2012skewtune,
  title={Skewtune: mitigating skew in mapreduce applications},
  author={Kwon, YongChul and Balazinska, Magdalena and Howe, Bill and Rolia, Jerome},
  booktitle={Proceedings of the 2012 ACM SIGMOD International Conference on Management of Data},
  pages={25--36},
  year={2012},
  organization={ACM}
}

@article{howe2012virtual,
  title={Virtual appliances, cloud computing, and reproducible research},
  author={Howe, Bill},
  journal={Computing in Science \& Engineering},
  volume={14},
  number={4},
  pages={36--41},
  year={2012},
  publisher={AIP Publishing}
}

@inproceedings{koutris2012query,
  title={Query-based data pricing},
  author={Koutris, Paraschos and Upadhyaya, Prasang and Balazinska, Magdalena and Howe, Bill and Suciu, Dan},
  booktitle={Proceedings of the 31st symposium on Principles of Database Systems},
  pages={167--178},
  year={2012},
  organization={ACM}
}

@inproceedings{howe2012vizdeck,
  title={VizDeck: a card game metaphor for fast visual data exploration},
  author={Howe, Bill and Key, Alicia and Perry, Daniel and Aragon, Cecilia},
  booktitle={CHI'12 Extended Abstracts on Human Factors in Computing Systems},
  pages={1667--1672},
  year={2012},
  organization={ACM}
}

@inproceedings{ren2012hadoop,
  title={Hadoop's Adolescence; A Comparative Workloads Analysis from Three Research Clusters.},
  author={Ren, Kai and Gibson, Garth and Kwon, YongChul and Balazinska, Magdalena and Howe, Bill},
  booktitle={SC Companion},
  pages={1452},
  year={2012}
}

@article{kwonskewtune,
  title={SkewTune in Action},
  author={Kwon, YongChul and Balazinska, Magdalena and Howe, Bill and Rolia, Jerome}
}

@incollection{balazinska2013discussion,
  title={A discussion on pricing relational data},
  author={Balazinska, Magdalena and Howe, Bill and Koutris, Paraschos and Suciu, Dan and Upadhyaya, Prasang},
  booktitle={In Search of Elegance in the Theory and Practice of Computation},
  pages={167--173},
  year={2013},
  publisher={Springer Berlin Heidelberg}
}

@incollection{shaw2012optimizing,
  title={Optimizing large-scale semi-naive datalog evaluation in hadoop},
  author={Shaw, Marianne and Koutris, Paraschos and Howe, Bill and Suciu, Dan},
  booktitle={Datalog in Academia and Industry},
  pages={165--176},
  year={2012},
  publisher={Springer Berlin Heidelberg}
}

@article{koutris2012querymarket,
  title={Querymarket demonstration: Pricing for online data markets},
  author={Koutris, Paraschos and Upadhyaya, Prasang and Balazinska, Magdalena and Howe, Bill and Suciu, Dan},
  journal={Proceedings of the VLDB Endowment},
  volume={5},
  number={12},
  pages={1962--1965},
  year={2012},
  publisher={VLDB Endowment}
}

@article{kwon2012skewtune,
  title={SkewTune in action: mitigating skew in MapReduce applications},
  author={Kwon, YongChul and Balazinska, Magdalena and Howe, Bill and Rolia, Jerome},
  journal={Proceedings of the VLDB Endowment},
  volume={5},
  number={12},
  pages={1934--1937},
  year={2012},
  publisher={VLDB Endowment}
}

@article{mann1992pilot,
  title={Pilot-Scale CFBC Testing for Evaluating the Feasibility of Capacity Addition-The EGAT MAE MOH Project},
  author={Mann, MD and Howe, B and Phillips, J and Nakorn, SN},
  journal={ANNUAL INTERNATIONAL PITTSBURGH COAL CONFERENCE},
  pages={717--717},
  year={1992},
  publisher={UNIVERSITY OF PITTSBURGH SCHOOL OF ENGINEERING CENTRE FOR ENERGY}
}

@article{hagertyincorporating,
  title={Incorporating Scientific Judgment into Workflow Systems for Ocean Science},
  author={Hagerty, Nicholas and Howe, Bill and Maier, David and Baptista, Ant{\'o}nio}
}

@article{howe2012advancing,
  title={Advancing Declarative Query in the Long Tail of Science.},
  author={Howe, Bill and Halperin, Daniel},
  journal={IEEE Data Eng. Bull.},
  volume={35},
  number={3},
  pages={16--26},
  year={2012}
}

@inproceedings{afrati2012designing,
  title={Designing good algorithms for MapReduce and beyond},
  author={Afrati, Foto N and Balazinska, Magdalena and Sarma, Anish Das and Howe, Bill and Salihoglu, Semih and Ullman, Jeffrey D},
  booktitle={Proceedings of the Third ACM Symposium on Cloud Computing},
  pages={26},
  year={2012},
  organization={ACM}
}

@inproceedings{upadhyaya2013stop,
  title={Stop That Query! The Need for Managing Data Use.},
  author={Upadhyaya, Prasang and Anderson, Nick R and Balazinska, Magdalena and Howe, Bill and Kaushik, Raghav and Ramamurthy, Ravishankar and Suciu, Dan},
  booktitle={CIDR},
  year={2013}
}

@article{johnsonsymposium,
  title={Symposium Committee},
  author={Johnson, Chris and Papka, Michael and Barga, Roger and Pfister, Hanspeter and Rogers, David and CHAIRS, PoSTERS and Vishwanath, Venkatram and Dunlavy, Danny and Bethel, Wes and Chen, Min and others}
}

@article{perry2013vizdeck,
  title={VizDeck: Streamlining exploratory visual analytics of scientific data},
  author={Perry, Daniel B and Howe, Bill and Key, Alicia MF and Aragon, Cecilia},
  year={2013},
  publisher={iSchools}
}

@article{howe2013sqlshare,
  title={SQLShare: Scientific Workflow Management via Relational View Sharing},
  author={Howe, Bill and Ribalet, Francois and Chitnis, Sagar and Armbrust, Ginger and Halperin, Daniel},
  journal={Computing in Science \& Engineering},
  pages={1},
  year={2013},
  publisher={IEEE Computer Society}
}

@article{kwon2013managing,
  title={Managing Skew in Hadoop.},
  author={Kwon, YongChul and Ren, Kai and Balazinska, Magdalena and Howe, Bill},
  journal={IEEE Data Eng. Bull.},
  volume={36},
  number={1},
  pages={24--33},
  year={2013}
}

@article{howe2012beyond,
  title={Beyond MapReduce: New Requirements for Scalable Data Processing},
  author={Howe, Bill and Balazinska, Magdalena},
  journal={Data-Intensive Computing: Architectures, Algorithms, and Applications},
  year={2012},
  publisher={Cambridge University Press}
}

@inproceedings{koutris2013toward,
  title={Toward practical query pricing with QueryMarket},
  author={Koutris, Paraschos and Upadhyaya, Prasang and Balazinska, Magdalena and Howe, Bill and Suciu, Dan},
  booktitle={Proceedings of the 2013 international conference on Management of data},
  pages={613--624},
  year={2013},
  organization={ACM}
}

@inproceedings{upadhyaya2013power,
  title={The power of data use management in action},
  author={Upadhyaya, Prasang and Anderson, Nick and Balazinska, Magdalena and Howe, Bill and Kaushik, Raghav and Ramamurthy, Ravi and Suciu, Dan},
  booktitle={Proceedings of the 2013 international conference on Management of data},
  pages={1117--1120},
  year={2013},
  organization={ACM}
}

@inproceedings{halperin2013real,
  title={Real-time collaborative analysis with (almost) pure SQL: A case study in biogeochemical oceanography},
  author={Halperin, Daniel and Ribalet, Francois and Weitz, Konstantin and Saito, Mak A and Howe, Bill and Armbrust, E},
  booktitle={Proceedings of the 25th International Conference on Scientific and Statistical Database Management},
  pages={28},
  year={2013},
  organization={ACM}
}

@inproceedings{joslyn2013massive,
  title={Massive scale cyber traffic analysis: a driver for graph database research},
  author={Joslyn, Cliff and Choudhury, Sutanay and Haglin, David and Howe, Bill and Nickless, Bill and Olsen, Bryan},
  booktitle={First International Workshop on Graph Data Management Experiences and Systems},
  pages={3},
  year={2013},
  organization={ACM}
}

@article{myers2013compiled,
  title={Compiled plans for in-memory pathcounting queries},
  author={Myers, Brandon and Hyrkas, Jeremy and Halperin, Daniel and Howe, Bill},
  journal={International Workshop on In-Memory Data Management and Analytics},
  volume={4},
  year={2013}
}

@inproceedings{balazinska2013education,
  title={Education and career paths for data scientists},
  author={Balazinska, Magdalena and Davidson, Susan B and Howe, Bill and Labrinidis, Alexandros},
  booktitle={Proceedings of the 25th International Conference on Scientific and Statistical Database Management},
  pages={3},
  year={2013},
  organization={ACM}
}

@article{ren2013hadoop,
  title={Hadoop's adolescence: an analysis of Hadoop usage in scientific workloads},
  author={Ren, Kai and Kwon, YongChul and Balazinska, Magdalena and Howe, Bill},
  journal={Proceedings of the VLDB Endowment},
  volume={6},
  number={10},
  pages={853--864},
  year={2013},
  publisher={VLDB Endowment}
}

@article{agourisnsf,
  title={NSF III-2010 Workshop: PI Reports},
  author={Agouris, Peggy and Athitsos, Vassilis and Aygun, Ramazan and Bafna, Vineet and Banerjee, Arindam and Baru, Chaitan and Bello, Juan and Berger-Wolf, Tanya and Blake, Catherine and Callan, Jamie and others}
}

@article{rogerssymposium,
  title={Symposium Committee},
  author={Rogers, David and Silva, Claudio and Geveci, Berk and Pfister, Hanspeter and Vishwanath, Venkatram and CHAIRS, PoSTER and Dunlavy, Danny and Vo, Huy and Abram, Greg and Bader, David and others}
}

@article{howe2013collaborative,
  title={Collaborative science workflows in SQL},
  author={Howe, Bill and Halperin, Daniel and Ribalet, Francois and Chitnis, Sagar and Armbrust, E Virginia},
  journal={Computing in Science \& Engineering},
  volume={15},
  number={3},
  pages={22--31},
  year={2013},
  publisher={AIP Publishing}
}

@article{balazinska2010cse,
  title={CSE 599c Scientific Data Management},
  author={Balazinska, Magdalena and Howe, Bill},
  year={2010}
}

@inproceedings{bae2013scalable,
  title={Scalable Flow-Based Community Detection for Large-Scale Network Analysis},
  author={Bae, Seung-Hee and Halperin, Daniel and West, Jevin and Rosvall, Martin and Howe, Bill},
  booktitle={Data Mining Workshops (ICDMW), 2013 IEEE 13th International Conference on},
  pages={303--310},
  year={2013},
  organization={IEEE}
}

@phdthesis{howedear,
  title={Dear Dr. Lakshmi Kumar Matukumalli, Please accept this letter of intent to submit a proposal to Program\# A1201. The requested information is provided below. i. Project Director: Steven Roberts},
  author={Howe, Bill},
  school={West Virginia University}
}

@article{halperindemonstration,
  title={Demonstration of the Myria Big Data Management Service},
  author={Halperin, Daniel and de Almeida, Victor Teixeira and Choo, Lee Lee and Chu, Shumo and Koutris, Paraschos and Moritz, Dominik and Ortiz, Jennifer and Ruamviboonsuk, Vaspol and Wang, Jingjing and Whitaker, Andrew and others}
}

@article{balazinska2014database,
  title={The database group at the University of Washington},
  author={Balazinska, Magdalena and Howe, Bill and Suciu, Dan},
  journal={ACM SIGMOD Record},
  volume={43},
  number={1},
  pages={39--44},
  year={2014},
  publisher={ACM}
}

@article{howe2014reproducibility,
  title={Reproducibility, Virtual Appliances, and Cloud Computing},
  author={Howe, Bill},
  journal={Implementing Reproducible Research},
  pages={281},
  year={2014},
  publisher={CRC Press}
}

@article{howe2013sqlshare,
  title={SQLShare: Scientific workflow via relational view sharing},
  author={Howe, Bill and Ribalet, Francois and Halperin, Daniel and Chitnis, Sagar and Armbrust, E Virginia},
  journal={Computing in Science \& Engineering, Special Issue on Science Data Management},
  volume={15},
  number={2},
  year={2013}
}

@inproceedings{alawini2014helping,
  title={Helping scientists reconnect their datasets},
  author={Alawini, Abdussalam and Maier, David and Tufte, Kristin and Howe, Bill},
  booktitle={Proceedings of the 26th International Conference on Scientific and Statistical Database Management},
  pages={29},
  year={2014},
  organization={ACM}
}

@inproceedings{howe2014should,
  title={Should we all be teaching intro to data science instead of intro to databases?},
  author={Howe, Bill and Franklin, Michael J and Freire, Juliana and Frew, James and Kraska, Tim and Ramakrishnan, Raghu},
  booktitle={Proceedings of the 2014 ACM SIGMOD international conference on Management of data},
  pages={917--918},
  year={2014},
  organization={ACM}
}

@article{myersradish,
  title={Radish: Compiling Efficient Query Plans for Distributed Shared Memory},
  author={Myers, Brandon and Halperin, Daniel and Nelson, Jacob and Oskin, Mark and Ceze, Luis and Howe, Bill}
}

@article{rodriguesworkshop,
  title={Workshop of Works in Progress Program Committee},
  author={Rodrigues Jr, Jos{\'e} F and Lastovetsky, Alexey and Dubey, Anshu and Go{\'e}s, Arist{\'o}teles and Konagurthu, Arun and Howe, Bill and Ogasawara, Eduardo and Pastorello, Gilberto and Eden, Grace and Li, Hongliang and others}
}

@article{howe2013transforming,
  title={Transforming Data into the Appropriate Context},
  author={Howe, Bill},
  journal={Data-Intensive Science},
  pages={245},
  year={2013},
  publisher={CRC Press}
}
