@article{ren2013hadoop,
  title={Hadoop's adolescence: an analysis of Hadoop usage in scientific workloads},
  author={Ren, Kai and Kwon, YongChul and Balazinska, Magdalena and Howe, Bill},
  journal={Proceedings of the VLDB Endowment},
  volume={6},
  number={10},
  pages={853--864},
  year={2013},
  publisher={VLDB Endowment}
}


@article{koutris2015query,
  title={Query-based data pricing},
  author={Koutris, Paraschos and Upadhyaya, Prasang and Balazinska, Magdalena and Howe, Bill and Suciu, Dan},
  journal={Journal of the ACM (JACM)},
  volume={62},
  number={5},
  pages={43},
  year={2015},
  publisher={ACM}
}


@article{kwon2013managing,
  title={Managing Skew in Hadoop.},
  author={Kwon, YongChul and Ren, Kai and Balazinska, Magdalena and Howe, Bill and Rolia, Jerome},
  journal={IEEE Data Eng. Bull.},
  volume={36},
  number={1},
  pages={24--33},
  year={2013}
}


@inproceedings{halperin2014demonstration,
  title={Demonstration of the Myria big data management service},
  author={Halperin, Daniel and Teixeira de Almeida, Victor and Choo, Lee Lee and Chu, Shumo and Koutris, Paraschos and Moritz, Dominik and Ortiz, Jennifer and Ruamviboonsuk, Vaspol and Wang, Jingjing and Whitaker, Andrew and others},
  booktitle={Proceedings of the 2014 ACM SIGMOD international conference on Management of data},
  pages={881--884},
  year={2014},
  organization={ACM}
}


@inproceedings{koutris2013toward,
  title={Toward practical query pricing with QueryMarket},
  author={Koutris, Paraschos and Upadhyaya, Prasang and Balazinska, Magdalena and Howe, Bill and Suciu, Dan},
  booktitle={Proceedings of the 2013 ACM SIGMOD International Conference on Management of Data},
  pages={613--624},
  year={2013},
  organization={ACM}
}


@inproceedings{joslyn2013massive,
  title={Massive scale cyber traffic analysis: a driver for graph database research},
  author={Joslyn, Cliff and Choudhury, Sutanay and Haglin, David and Howe, Bill and Nickless, Bill and Olsen, Bryan},
  booktitle={First International Workshop on Graph Data Management Experiences and Systems},
  pages={3},
  year={2013},
  organization={ACM}
}


@article{howe2013collaborative,
  title={Collaborative science workflows in SQL},
  author={Howe, Bill and Halperin, Daniel and Ribalet, Francois and Chitnis, Sagar and Armbrust, E Virginia},
  journal={Computing in Science \& Engineering},
  volume={15},
  number={3},
  pages={22--31},
  year={2013},
  publisher={AIP Publishing}
}


@article{wongsuphasawat2016voyager,
  title={Voyager: Exploratory analysis via faceted browsing of visualization recommendations},
  author={Wongsuphasawat, Kanit and Moritz, Dominik and Anand, Anushka and Mackinlay, Jock and Howe, Bill and Heer, Jeffrey},
  journal={Visualization and Computer Graphics, IEEE Transactions on},
  volume={22},
  number={1},
  pages={649--658},
  year={2016},
  publisher={IEEE}
}

@inproceedings{hyrkas2016musicdb,
author = {Jeremy Hyrkas and Bill Howe},
title={MusicDB: Relational Approach for Numeric Longitudinal Music Analytics},
booktitle={International Society on Music Information Retrieval (submitted)},
year={2016}
}

@inproceedings{jain2015highvariety,
author = {Shrainik Jain and Dominik Moritz and Bill Howe},
title={High Variety Cloud Databases},
booktitle={Workshop on Cloud Data Management (CloudDM) (co-located with ICDE) [invited keynote]},
year={2016}
}

@inproceedings{lee2015dismantler,
author = {Poshen Lee and Bill Howe},
title={Dismantling Composite Visualizations in the Scientific Literature},
booktitle={4th International Conference on Pattern Recognition Applications and Methods},
year={2015}
}


@inproceedings{upadhyaya2013power,
  title={The power of data use management in action},
  author={Upadhyaya, Prasang and Anderson, Nick and Balazinska, Magdalena and Howe, Bill and Kaushik, Raghav and Ramamurthy, Ravi and Suciu, Dan},
  booktitle={Proceedings of the 2013 ACM SIGMOD International Conference on Management of Data},
  pages={1117--1120},
  year={2013},
  organization={ACM}
}


@inproceedings{howe2014datasci,
  title={Should we all be teaching intro to data science instead of intro to databases?},
  author={Howe, Bill and Franklin, Michael J and Freire, Juliana and Frew, James and Kraska, Tim and Ramakrishnan, Raghu},
  booktitle={Panel at the 2014 ACM SIGMOD international conference on management of data},
  pages={917--918},
  year={2014},
  organization={ACM}
}


@inproceedings{halperin2013real,
  title={Real-time collaborative analysis with (almost) pure SQL: a case study in biogeochemical oceanography},
  author={Halperin, Daniel and Ribalet, Francois and Weitz, Konstantin and Saito, Mak A and Howe, Bill and Armbrust, E},
  booktitle={Proceedings of the 25th International Conference on Scientific and Statistical Database Management},
  pages={28},
  year={2013},
  organization={ACM}
}


@inproceedings{upadhyaya2013stop,
  title={Stop That Query! The Need for Managing Data Use.},
  author={Upadhyaya, Prasang and Anderson, Nick R and Balazinska, Magdalena and Howe, Bill and Kaushik, Raghav and Ramamurthy, Ravishankar and Suciu, Dan},
  booktitle={CIDR},
  year={2013}
}


@inproceedings{moritz2015perfopticon,
  title={Perfopticon: Visual query analysis for distributed databases},
  author={Moritz, Dominik and Halperin, Daniel and Howe, Bill and Heer, Jeffrey},
  booktitle={Computer Graphics Forum},
  volume={34},
  number={3},
  pages={71--80},
  year={2015},
  organization={Wiley Online Library}
}


@incollection{balazinska2013discussion,
  title={A discussion on pricing relational data},
  author={Balazinska, Magdalena and Howe, Bill and Koutris, Paraschos and Suciu, Dan and Upadhyaya, Prasang},
  booktitle={In Search of Elegance in the Theory and Practice of Computation},
  pages={167--173},
  year={2013},
  publisher={Springer}
}


@inproceedings{hyrkas2015time,
  title={Time-varying clusters in large-scale flow cytometry},
  author={Hyrkas, Jeremy and Halperin, Daniel and Howe, Bill},
  booktitle={Twenty-Seventh IAAI Conference},
  year={2015}
}


@inproceedings{maas2015gaussian,
  title={Gaussian mixture models use-case: in-memory analysis with myria},
  author={Maas, Ryan and Hyrkas, Jeremy and Telford, Olivia Grace and Balazinska, Magdalena and Connolly, Andrew and Howe, Bill},
  booktitle={Proceedings of the 3rd VLDB Workshop on In-Memory Data Mangement and Analytics},
  pages={3},
  year={2015},
  organization={ACM}
}


@inproceedings{alawini2014helping,
  title={Helping scientists reconnect their datasets},
  author={Alawini, Abdussalam and Maier, David and Tufte, Kristin and Howe, Bill},
  booktitle={Proceedings of the 26th International Conference on Scientific and Statistical Database Management},
  pages={29},
  year={2014},
  organization={ACM}
}


@article{perry2013vizdeck,
  title={VizDeck: Streamlining exploratory visual analytics of scientific data},
  author={Perry, Daniel B and Howe, Bill and Key, Alicia MF and Aragon, Cecilia},
  year={2013},
  publisher={iSchools}
}


@article{howe2013sqlshare,
  title={SQLShare: Scientific workflow via relational view sharing},
  author={Howe, Bill and Ribalet, Francois and Halperin, Daniel and Chitnis, Sagar and Armbrust, E Virginia},
  journal={Computing in Science \& Engineering, Special Issue on Science Data Management},
  volume={15},
  number={2},
  year={2013}
}


@article{bu2010haloop,
  title={HaLoop: efficient iterative data processing on large clusters},
  author={Bu, Yingyi and Howe, Bill and Balazinska, Magdalena and Ernst, Michael D},
  journal={Proceedings of the VLDB Endowment},
  volume={3},
  number={1-2},
  pages={285--296},
  year={2010},
  publisher={VLDB Endowment}
}


@inproceedings{kwon2012skewtune,
  title={Skewtune: mitigating skew in mapreduce applications},
  author={Kwon, YongChul and Balazinska, Magdalena and Howe, Bill and Rolia, Jerome},
  booktitle={Proceedings of the 2012 ACM SIGMOD International Conference on Management of Data},
  pages={25--36},
  year={2012},
  organization={ACM}
}


@inproceedings{kwon2010skew,
  title={Skew-resistant parallel processing of feature-extracting scientific user-defined functions},
  author={Kwon, YongChul and Balazinska, Magdalena and Howe, Bill and Rolia, Jerome},
  booktitle={Proceedings of the 1st ACM symposium on Cloud computing},
  pages={75--86},
  year={2010},
  organization={ACM}
}


@article{bu2012haloop,
  title={The HaLoop approach to large-scale iterative data analysis},
  author={Bu, Yingyi and Howe, Bill and Balazinska, Magdalena and Ernst, Michael D},
  journal={The VLDB Journalâ€”The International Journal on Very Large Data Bases},
  volume={21},
  number={2},
  pages={169--190},
  year={2012},
  publisher={Springer-Verlag New York, Inc.}
}


@article{kwon2011study,
  title={A study of skew in mapreduce applications},
  author={Kwon, YongChul and Balazinska, Magdalena and Howe, Bill and Rolia, Jerome},
  journal={Open Cirrus Summit},
  year={2011}
}


@article{balazinska2011data,
  title={Data markets in the cloud: An opportunity for the database community},
  author={Balazinska, Magdalena and Howe, Bill and Suciu, Dan},
  journal={Proc. of the VLDB Endowment},
  volume={4},
  number={12},
  pages={1482--1485},
  year={2011}
}


@inproceedings{kwon2010scalable,
  title={Scalable clustering algorithm for N-body simulations in a shared-nothing cluster},
  author={Kwon, YongChul and Nunley, Dylan and Gardner, Jeffrey P and Balazinska, Magdalena and Howe, Bill and Loebman, Sarah},
  booktitle={Scientific and Statistical Database Management},
  pages={132--150},
  year={2010},
  organization={Springer}
}


@article{wiley2011astronomy,
  title={Astronomy in the cloud: using mapreduce for image co-addition},
  author={Wiley, Keith and Connolly, Andrew and Gardner, Jeff and Krughoff, S and Balazinska, Magdalena and Howe, Bill and Kwon, Y and Bu, Yingyi},
  journal={Publications of the Astronomical Society of the Pacific},
  volume={123},
  number={901},
  pages={366},
  year={2011},
  publisher={IOP Publishing}
}


@inproceedings{howe2011database,
  title={Database-as-a-service for long-tail science},
  author={Howe, Bill and Cole, Garret and Souroush, Emad and Koutris, Paraschos and Key, Alicia and Khoussainova, Nodira and Battle, Leilani},
  booktitle={Scientific and Statistical Database Management},
  pages={480--489},
  year={2011},
  organization={Springer}
}


@article{howe2012virtual,
  title={Virtual appliances, cloud computing, and reproducible research},
  author={Howe, Bill},
  journal={Computing in Science \& Engineering},
  volume={14},
  number={4},
  pages={36--41},
  year={2012},
  publisher={AIP Publishing}
}


@inproceedings{vo2011parallel,
  title={Parallel visualization on large clusters using MapReduce},
  author={Vo, Huy T and Bronson, Jonathan and Summa, Brian and Comba, Jo{\~a}o Luiz Dihl and Freire, Juliana and Howe, Bill and Pascucci, Valerio and Silva, Cl{\'a}udio T},
  booktitle={Large Data Analysis and Visualization (LDAV), 2011 IEEE Symposium on},
  pages={81--88},
  year={2011},
  organization={IEEE}
}


@inproceedings{key2012vizdeck,
  title={Vizdeck: Self-organizing dashboards for visual analytics},
  author={Key, Alicia and Howe, Bill and Perry, Daniel and Aragon, Cecilia},
  booktitle={Proceedings of the 2012 ACM SIGMOD International Conference on Management of Data (demo)},
  pages={681--684},
  year={2012},
  organization={ACM}
}


@inproceedings{ren2012hadoop,
  title={Hadoop's Adolescence; A Comparative Workloads Analysis from Three Research Clusters.},
  author={Ren, Kai and Gibson, Garth and Kwon, YongChul and Balazinska, Magdalena and Howe, Bill},
  booktitle={SC Companion},
  pages={1452},
  year={2012}
}


@article{barga2011bioinformatics,
  title={Bioinformatics and data-intensive scientific discovery in the beginning of the 21st century},
  author={Barga, Roger and Howe, Bill and Beck, David and Bowers, Stuart and Dobyns, William and Haynes, Winston and Higdon, Roger and Howard, Chris and Roth, Christian and Stewart, Elizabeth and others},
  journal={Omics: a journal of integrative biology},
  volume={15},
  number={4},
  pages={199--201},
  year={2011},
  publisher={Mary Ann Liebert, Inc. 140 Huguenot Street, 3rd Floor New Rochelle, NY 10801 USA}
}


@inproceedings{grochow2010client+,
  title={Client+ cloud: evaluating seamless architectures for visual data analytics in the ocean sciences},
  author={Grochow, Keith and Howe, Bill and Stoermer, Mark and Barga, Roger and Lazowska, Ed},
  booktitle={Scientific and Statistical Database Management},
  pages={114--131},
  year={2010},
  organization={Springer}
}


@inproceedings{howe2010sql,
  title={SQL is dead; long live SQL: Lightweight query services for ad hoc research data},
  author={Howe, Bill and Cole, Garret},
  booktitle={4th Microsoft eScience Workshop},
  year={2010}
}


@article{kwon2012skewtune,
  title={SkewTune in action: mitigating skew in MapReduce applications},
  author={Kwon, YongChul and Balazinska, Magdalena and Howe, Bill and Rolia, Jerome},
  journal={Proceedings of the VLDB Endowment},
  volume={5},
  number={12},
  pages={1934--1937},
  year={2012},
  publisher={VLDB Endowment}
}


@book{shaw2012optimizing,
  title={Optimizing large-scale semi-naive datalog evaluation in hadoop},
  author={Shaw, Marianne and Koutris, Paraschos and Howe, Bill and Suciu, Dan},
  year={2012},
  publisher={Springer}
}

@inproceedings{howe2012vizdeck,
 author = {Howe, Bill and Key, Alicia and Perry, Daniel and Aragon, Cecilia},
 title = {VizDeck: A Card Game Metaphor for Fast Visual Data Exploration},
 booktitle = {CHI '12 Extended Abstracts on Human Factors in Computing Systems},
 series = {CHI EA '12},
 year = {2012},
 isbn = {978-1-4503-1016-1},
 location = {Austin, Texas, USA},
 pages = {1667--1672},
 numpages = {6},
 url = {http://doi.acm.org/10.1145/2212776.2223690},
 doi = {10.1145/2212776.2223690},
 acmid = {2223690},
 publisher = {ACM},
 address = {New York, NY, USA},
 keywords = {data understanding., interactive visualization, rapid prototyping, scientific data, visualization},
} 


@article{koutris2012querymarket,
  title={QueryMarket demonstration: Pricing for online data markets},
  author={Koutris, Paraschos and Upadhyaya, Prasang and Balazinska, Magdalena and Howe, Bill and Suciu, Dan},
  journal={Proceedings of the VLDB Endowment},
  volume={5},
  number={12},
  pages={1962--1965},
  year={2012},
  publisher={VLDB Endowment}
}


@inproceedings{loebman2009analyzing,
  title={Analyzing massive astrophysical datasets: Can Pig/Hadoop or a relational DBMS help?},
  author={Loebman, Sarah and Nunley, Dylan and Kwon, YongChul and Howe, Bill and Balazinska, Magdalena and Gardner, Jeffrey P},
  booktitle={Cluster Computing and Workshops, 2009. CLUSTER'09. IEEE International Conference on},
  pages={1--10},
  year={2009},
  organization={IEEE}
}


@article{baptista2008scientific,
  title={Scientific exploration in the era of ocean observatories},
  author={Baptista, Ant{\'o}nio and Howe, Bill and Freire, Juliana and Maier, David and Silva, Cl{\'a}udio T},
  journal={Computing in Science and Engineering},
  volume={10},
  number={3},
  pages={53--58},
  year={2008}
}


@inproceedings{howe2008end,
  title={End-to-end escience: Integrating workflow, query, visualization, and provenance at an ocean observatory},
  author={Howe, Bill and Lawson, Peter and Bellinger, Renee and Anderson, Erik and Santos, Emanuele and Freire, Juliana and Scheidegger, Carlos and Baptista, Ant{\'o}nio and Silva, Cl{\'a}udio},
  booktitle={eScience, 2008. eScience'08. IEEE Fourth International Conference on},
  pages={127--134},
  year={2008},
  organization={IEEE}
}


@inproceedings{howe2008quarrying,
  title={Quarrying dataspaces: Schemaless profiling of unfamiliar information sources},
  author={Howe, Bill and Maier, David and Rayner, Nicolas and Rucker, James},
  booktitle={Data Engineering Workshop, 2008. ICDEW 2008. IEEE 24th International Conference on},
  pages={270--277},
  year={2008},
  organization={IEEE}
}


@inproceedings{suciu2009embracing,
  title={Embracing Uncertainty in Large-Scale Computational Astrophysics.},
  author={Suciu, Dan and Connolly, Andrew J and Howe, Bill},
  booktitle={MUD},
  pages={63--77},
  year={2009}
}


@inproceedings{howe2007smoothing,
  title={Smoothing the ROI Curve for Scientific Data Management Applications.},
  author={Howe, Bill and Maier, David and Bright, Laura},
  booktitle={CIDR},
  pages={185--195},
  year={2007}
}

@phdthesis{howe2006gridfields,
  author={Bill Howe},
  title={Gridfields: model-driven data transformation in the physical sciences},
  school       = {Portland State University},
  year         = 2006,
  month        = May
}


@inproceedings{howe2009scientific,
  title={Scientific mashups: runtime-configurable data product ensembles},
  author={Howe, Bill and Green-Fishback, Harrison and Maier, David},
  booktitle={Scientific and Statistical Database Management},
  pages={19--36},
  year={2009},
  organization={Springer}
}


@inproceedings{bright2006managing,
  title={Managing the Forecast Factory},
  author={Bright, Laura and Maier, David and Howe, Bill},
  booktitle={Data Engineering Workshops, 2006. Proceedings. 22nd International Conference on},
  pages={64--64},
  year={2006},
  organization={IEEE}
}


@article{howe2008scidb,
  title={SciDB Examples from Environmental Observation and Modeling},
  author={Howe, Bill},
  journal={Center for Coastal Margin Observation and Prediction},
  year={2008},
  publisher={Citeseer}
}


@inproceedings{howe2009query,
  title={Query-driven visualization in the cloud with mapreduce},
  author={Howe, Bill and Vo, Huy and Silva, Claudio and Freire, J},
  booktitle={Proceedings of the Fourth Annual Workshop on Ultrascale Visualization},
  year={2009}
}



@inproceedings{green2008scientific,
  title={Scientific Mashups: Runtime-Configurable Data Product Ensembles},
  author={Green-Fishback, Harrison and Howe, Bill},
  booktitle={eScience, 2008. eScience'08. IEEE Fourth International Conference on},
  pages={442--443},
  year={2008},
  organization={IEEE}
}


@inproceedings{howe2007ocean,
  title={The Ocean Appliance: Complete Platform Provisioning for Low-Cost Data Sharing},
  author={Howe, Bill and Baptista, Antonio and Hagerty, Nicholas and Seaton, Charles and Matre, Ethan Van and Turner, Paul and Maier, David},
  booktitle={OCEANS 2007},
  pages={1--10},
  year={2007},
  organization={IEEE}
}

@article{howe2005algebraic,
  title={Algebraic manipulation of scientific datasets},
  author={Howe, Bill and Maier, David},
  journal={The VLDB journal},
  volume={14},
  number={4},
  pages={397--416},
  year={2005},
  publisher={Springer}
}


@article{howe2003language,
  title={A language for spatial data manipulation},
  author={Howe, Bill and Maier, David and Baptista, Antonio},
  journal={Journal of Environmental Informatics},
  volume={2},
  number={2},
  pages={23--37},
  year={2003}
}


@incollection{howe2004emergent,
  title={Emergent semantics: Towards self-organizing scientific metadata},
  author={Howe, Bill and Tanna, Kuldeep and Turner, Paul and Maier, David},
  booktitle={Semantics of a Networked World. Semantics for Grid Databases},
  pages={177--198},
  year={2004},
  publisher={Springer}
}


@inproceedings{howe2005retrofitting,
  title={Retrofitting a Data Model to Existing Environmental Data.},
  author={Howe, Bill and Maier, David},
  booktitle={SSDBM},
  pages={3--13},
  year={2005}
}


@inproceedings{howe2002modeling,
  title={Modeling data product generation},
  author={Howe, Bill and Maier, Dave},
  booktitle={Workshop on Data Derivation and Provenance, Chicago},
  year={2002}
}


@inproceedings{koch2003forest,
  title={The forest portal: a multidisciplinary project},
  author={Koch, Marianne and Delcambre, Lois and Toccalino, Patricia and Landis, Eric and Phillips, Fred and Tolle, Tim and Shapiro, Len and Steckler, Nicole and Maier, David and Weaver, Mathew and others},
  booktitle={Proceedings of the 2003 annual national conference on Digital government research},
  pages={1--4},
  year={2003},
  organization={Digital Government Society of North America}
}

@inproceedings{weaver2002representing,
  title={Representing, exploiting, and extracting metadata using metadata++},
  author={Weaver, Mathew and Howe, Bill and Delcambre, Lois and Tolle, Tim and Maier, Dave},
  booktitle={Proceedings of the 2002 annual national conference on Digital government research},
  pages={1--7},
  year={2002},
  organization={Digital Government Society of North America}
}


@article{howe2004logical,
  title={Logical and Physical Data Independence for Native Scientific Data Repositories.},
  author={Howe, Bill and Maier, David},
  journal={IEEE Data Eng. Bull.},
  volume={27},
  number={4},
  pages={29--36},
  year={2004}
}


@article{howe2005gridfields,
  title={GridFields: Model-Driven Query Services for Simulation Results in the Physical Sciences},
  author={Howe, Bill},
  year={2005},
  publisher={Citeseer}
}

